<record><leader>00000cas a22000007a 4500</leader><controlfield tag="001">23455846</controlfield><controlfield tag="008">910411d18721873ohuwr ne      0    0eng d</controlfield><datafield ind1=" " ind2=" " tag="010"><subfield code="a">sn 91069092 </subfield></datafield><datafield ind1=" " ind2=" " tag="040"><subfield code="a">ONP</subfield><subfield code="b">eng</subfield><subfield code="c">ONP</subfield><subfield code="d">OCLCQ</subfield></datafield><datafield ind1=" " ind2=" " tag="042"><subfield code="a">msc</subfield></datafield><datafield ind1="0" ind2=" " tag="130"><subfield code="a">Oberlin times (Oberlin, Ohio : 1872)</subfield></datafield><datafield ind1="1" ind2="4" tag="245"><subfield code="a">The Oberlin times.</subfield></datafield><datafield ind1=" " ind2=" " tag="260"><subfield code="a">Oberlin, Lorain County, O. [Ohio] :</subfield><subfield code="b">Pratt &amp; Sherman</subfield></datafield><datafield ind1=" " ind2=" " tag="300"><subfield code="a">v.</subfield></datafield><datafield ind1=" " ind2=" " tag="310"><subfield code="a">Weekly</subfield></datafield><datafield ind1="1" ind2=" " tag="362"><subfield code="a">Began with Apr. 3, 1872 issue; ceased in Dec. 1873.</subfield></datafield><datafield ind1=" " ind2=" " tag="588"><subfield code="a">Description based on: Vol. 2, no. 33 (Nov. 12, 1873).</subfield></datafield><datafield ind1=" " ind2=" " tag="752"><subfield code="a">United States</subfield><subfield code="b">Ohio</subfield><subfield code="c">Lorain</subfield><subfield code="d">Oberlin.</subfield></datafield><datafield ind1="0" ind2="7" tag="785"><subfield code="t">Lorain County news</subfield><subfield code="w">(DLC)sn 84028322</subfield></datafield><datafield ind1="0" ind2="7" tag="785"><subfield code="t">Oberlin news (Oberlin, Ohio : 1873)</subfield><subfield code="w">(DLC)sn 91069169</subfield></datafield></record>